<?xml version="1.0" encoding="UTF-8"?><collection xmlns="http://www.loc.gov/MARC21/slim"><record><leader>00539nam--2200205-i-4500</leader><controlfield tag="001">000044737</controlfield><controlfield tag="002">20161230</controlfield><controlfield tag="005">20161230201044</controlfield><controlfield tag="008">060222s1000------------r-----000-0-rum-d</controlfield><datafield ind1=" " ind2=" " tag="040"><subfield code="a">IFIN-HH</subfield></datafield><datafield ind1=" " ind2=" " tag="041"><subfield code="a">rum</subfield></datafield><datafield ind1=" " ind2=" " tag="080"><subfield code="a">53(075.8)</subfield></datafield><datafield ind1="1" ind2=" " tag="100"><subfield code="a">Fris, S.E</subfield></datafield><datafield ind1="1" ind2="0" tag="245"><subfield code="a">Curs de fizica generala. vol. 1</subfield><subfield code="b">Traducere din limba rusa</subfield><subfield code="c">S.e. fris, a.v. timoreva</subfield></datafield><datafield ind1=" " ind2=" " tag="250"><subfield code="a">Editia A Treia</subfield></datafield><datafield ind1=" " ind2=" " tag="260"><subfield code="a">Bucuresti</subfield><subfield code="b">Editura Tehnica</subfield><subfield code="c">1964</subfield></datafield><datafield ind1=" " ind2=" " tag="300"><subfield code="a">575P</subfield></datafield><datafield ind1="1" ind2=" " tag="700"><subfield code="a">Timoreva, A.V</subfield></datafield><datafield ind1=" " ind2=" " tag="852"><subfield code="a">9401</subfield><subfield code="c">53</subfield></datafield><datafield ind1=" " ind2=" " tag="CAT"><subfield code="a">Sys</subfield><subfield code="c">20150128</subfield><subfield code="h">210809</subfield></datafield></record></collection>